<record><leader>00000cas a22000007a 4500</leader><controlfield tag="001">37019844</controlfield><controlfield tag="008">970605c19969999ctuwr ne      0    0eng d</controlfield><datafield ind1=" " ind2=" " tag="010"><subfield code="a">sn 97060916 </subfield></datafield><datafield ind1=" " ind2=" " tag="040"><subfield code="a">CNW</subfield><subfield code="b">eng</subfield><subfield code="c">CNW</subfield><subfield code="d">OCLCQ</subfield><subfield code="d">OCLCF</subfield><subfield code="d">OCLCO</subfield><subfield code="d">OCLCA</subfield></datafield><datafield ind1="1" ind2=" " tag="029"><subfield code="a">AU@</subfield><subfield code="b">000013287361</subfield></datafield><datafield ind1=" " ind2=" " tag="042"><subfield code="a">msc</subfield></datafield><datafield ind1=" " ind2=" " tag="043"><subfield code="a">n-us-ct</subfield><subfield code="a">n-us-ny</subfield></datafield><datafield ind1="0" ind2=" " tag="130"><subfield code="a">Voice (Winsted, Conn.)</subfield></datafield><datafield ind1="1" ind2="4" tag="245"><subfield code="a">The voice.</subfield></datafield><datafield ind1=" " ind2=" " tag="260"><subfield code="a">Winsted, CT :</subfield><subfield code="b">Voice News</subfield></datafield><datafield ind1=" " ind2=" " tag="300"><subfield code="a">v.</subfield></datafield><datafield ind1=" " ind2=" " tag="310"><subfield code="a">Weekly</subfield></datafield><datafield ind1="1" ind2=" " tag="362"><subfield code="a">Began in Nov. 1996.</subfield></datafield><datafield ind1=" " ind2=" " tag="580"><subfield code="a">Formed by the union of: Canton voice, and: Goshen voice, and: Harwinton voice, and: Millerton voice, and: New Hartford voice, and: Norfolk voice, and: Torrington voice, and: Winsted voice, and: Corner voice.</subfield></datafield><datafield ind1=" " ind2=" " tag="588"><subfield code="a">Description based on: Vol. 1, no. 27 (May 15-May 22, 1997).</subfield></datafield><datafield ind1=" " ind2="0" tag="651"><subfield code="a">Winsted (Conn.)</subfield><subfield code="v">Newspapers.</subfield></datafield><datafield ind1=" " ind2="0" tag="651"><subfield code="a">Winchester (Conn. : Town)</subfield><subfield code="v">Newspapers.</subfield></datafield><datafield ind1=" " ind2="0" tag="651"><subfield code="a">Litchfield County (Conn.)</subfield><subfield code="v">Newspapers.</subfield></datafield><datafield ind1=" " ind2="0" tag="651"><subfield code="a">Millerton (N.Y.)</subfield><subfield code="v">Newspapers.</subfield></datafield><datafield ind1=" " ind2="7" tag="655"><subfield code="a">Newspapers.</subfield><subfield code="2">fast</subfield><subfield code="0">(OCoLC)fst01423814</subfield></datafield><datafield ind1=" " ind2="7" tag="651"><subfield code="a">Connecticut</subfield><subfield code="z">Litchfield County.</subfield><subfield code="2">fast</subfield><subfield code="0">(OCoLC)fst01211989</subfield></datafield><datafield ind1=" " ind2="7" tag="651"><subfield code="a">Connecticut</subfield><subfield code="z">Winchester (Town)</subfield><subfield code="2">fast</subfield><subfield code="0">(OCoLC)fst01332069</subfield></datafield><datafield ind1=" " ind2="7" tag="651"><subfield code="a">Connecticut</subfield><subfield code="z">Winsted.</subfield><subfield code="2">fast</subfield><subfield code="0">(OCoLC)fst01221871</subfield></datafield><datafield ind1=" " ind2="7" tag="651"><subfield code="a">New York (State)</subfield><subfield code="z">Millerton.</subfield><subfield code="2">fast</subfield><subfield code="0">(OCoLC)fst01219338</subfield></datafield><datafield ind1=" " ind2=" " tag="752"><subfield code="a">United States</subfield><subfield code="b">Connecticut</subfield><subfield code="c">Litchfield</subfield><subfield code="d">Winsted.</subfield></datafield><datafield ind1="1" ind2="4" tag="780"><subfield code="t">Canton voice</subfield></datafield><datafield ind1="1" ind2="4" tag="780"><subfield code="t">Goshen voice</subfield></datafield><datafield ind1="1" ind2="4" tag="780"><subfield code="t">Harwinton voice</subfield></datafield><datafield ind1="1" ind2="4" tag="780"><subfield code="t">Millerton voice</subfield></datafield><datafield ind1="1" ind2="4" tag="780"><subfield code="t">New Hartford voice</subfield></datafield><datafield ind1="1" ind2="4" tag="780"><subfield code="t">Norfolk voice</subfield></datafield><datafield ind1="1" ind2="4" tag="780"><subfield code="t">Torrington voice</subfield><subfield code="w">(DLC)sn 94053064</subfield><subfield code="w">(OCoLC)30326217</subfield></datafield><datafield ind1="1" ind2="4" tag="780"><subfield code="t">Winsted voice</subfield><subfield code="w">(DLC)sn 96066484</subfield><subfield code="w">(OCoLC)35179116</subfield></datafield><datafield ind1="1" ind2="4" tag="780"><subfield code="t">Corner voice</subfield><subfield code="w">(DLC)sn 96066483</subfield><subfield code="w">(OCoLC)35177280</subfield></datafield></record>